

@inproceedings{Rosales-MendezP17,
  author    = {Henry Rosales{-}M{\'{e}}ndez and
               Barbara Poblete and
               Aidan Hogan},
  title     = {Multilingual Entity Linking: Comparing English and Spanish},
  booktitle = {LD4IE},
  pages     = {62--73},
  year      = {2017}
}

@inproceedings{ourAMW2018,
  author    = {Henry Rosales{-}M{\'{e}}ndez and
               Barbara Poblete and
               Aidan Hogan},
  title     = {What Should Entity Linking link?},
  booktitle = {AMW},
  year      = {2018},
}

@inproceedings{Rosales-MendezH18a,
  author    = {Henry Rosales{-}M{\'{e}}ndez and
               Aidan Hogan and
               Barbara Poblete},
  title     = {Machine Translation vs. Multilingual Approaches for Entity Linking},
  booktitle = {ISWC (P\&D/Industry/BlueSky)},
  year      = {2018}
}



@inproceedings{gerbil-2015,
  author    = {Usbeck, Ricardo and et al.},
  title     = {{GERBIL:} General Entity Annotator Benchmarking Framework},
  booktitle = {WWW},
  pages     = {1133--1143},
  year      = {2015}
}

@article{cucerzan2007large,
  title={Large-Scale Named Entity Disambiguation Based on {W}ikipedia Data},
  author={Cucerzan, Silviu},
  journal={EMNLP-CoNLL},
  pages={708},
  year={2007}
}


@inproceedings{iitb2009,
  title={Collective annotation of Wikipedia entities in web text},
  author={Kulkarni, Sayali and Singh, Amit and Ramakrishnan, Ganesh and Chakrabarti, Soumen},
  booktitle={SIGKDD},
  pages={457--466},
  year={2009},
}


@inproceedings{aida2011,
  title={Robust disambiguation of named entities in text},
  author={Hoffart, Johannes and et al.},
  booktitle={EMNLP},
  pages={782--792},
  year={2011},
  organization={ACL}
}

@inproceedings{KEA2016,
  author    = {J{\"{o}}rg Waitelonis and
               Harald Sack},
  title     = {Named Entity Linking in {\#}Tweets with {KEA}},
  booktitle = {Proceedings of the 6th Workshop on `Making Sense of Microposts' 2016.},
  pages     = {61--63},
  year      = {2016},
}


@inproceedings{NIFpaper,
  author    = {Sebastian Hellmann and
               Jens Lehmann and
               S{\"{o}}ren Auer and
               Martin Br{\"{u}}mmer},
  title     = {Integrating {NLP} Using Linked Data},
  booktitle = {{ISWC}},
  pages     = {98--113},
  year      = {2013},
}


@inproceedings{N3,
  author    = {Michael R{\"{o}}der and
               Ricardo Usbeck and
               Sebastian Hellmann and
               Daniel Gerber and
               Andreas Both},
  title     = {N{\({^3}\)} - {A} Collection of Datasets for Named Entity Recognition
               and Disambiguation in the {NLP} Interchange Format},
  booktitle = {{LREC}},
  pages     = {3529--3533},
  year      = {2014}
}



@inproceedings{Bengal2018,
  author    = {Axel{-}Cyrille Ngonga Ngomo and
               Michael R{\"{o}}der and
               Diego Moussallem and
               Ricardo Usbeck and
               Ren{\'{e}} Speck},
  title     = {{BENGAL:} An Automatic Benchmark Generator for Entity Recognition
               and Linking},
  booktitle = {Proceedings of the 11th International Conference on Natural Language
               Generation},
  pages     = {339--349},
  year      = {2018},
}

@inproceedings{VoxEL2018,
  author    = {Henry Rosales{-}M{\'{e}}ndez and
               Aidan Hogan and
               Barbara Poblete},
  title     = {VoxEL: {A} Benchmark Dataset for Multilingual Entity Linking},
  booktitle = {{ISWC}},
  pages     = {170--186},
  year      = {2018},
}

@inproceedings{Kunal2017,
  author    = {Kunal Jha and
               Michael R{\"{o}}der and
               Axel{-}Cyrille Ngonga Ngomo},
  title     = {All that Glitters Is Not Gold - Rule-Based Curation of Reference Datasets
               for Named Entity Recognition and Entity Linking},
  booktitle = {{ESWC}},
  pages     = {305--320},
  year      = {2017}
}

@inproceedings{Orbis2018,
  author    = {Fabian Odoni and
               Philipp Kuntschik and
               Adrian M. P. Brasoveanu and
               Albert Weichselbraun},
  title     = {On the Importance of Drill-Down Analysis for Assessing Gold Standards
               and Named Entity Linking Performance},
  booktitle = {{SEMANTICS}},
  pages     = {33--42},
  year      = {2018}
}

@inproceedings{Lexvo2008,
  author    = {G. de Melo and G. Weikum},
  title     = {Language as a foundation of the Semantic Web},
  booktitle = {Proceedings of the Poster and Demonstration Session at the 7th International Semantic Web Conference},
  year      = {2008}
}

@inproceedings{Marieke2016,
  author    = {Marieke van Erp and 
              Pablo Mendes and
              Heiko Paulheim and 
              Filip Ilievski and 
              Julien Plu and 
              Giuseppe Rizzo and 
              Joerg Waitelonis},
  title     = {Evaluating entity linking: {A}n analysis of current benchmark datasets and a roadmap for doing a better job},
  booktitle = {{LREC}},
  year      = {2016}
}


@inproceedings{BAT2013,
  author    = {Marco Cornolti and 
              Paolo Ferragina and 
              Massimiliano Ciaramita
              },
  title     = {A framework for benchmarking entity-annotation systems},
  booktitle = {World Wide Web Conference},
  year      = {2013}
}


@inproceedings{aquaint,
  title={Local and global algorithms for disambiguation to {W}ikipedia},
  author={Ratinov, Lev and Roth, Dan and Downey, Doug and Anderson, Mike},
  booktitle={NAACL-HLT},
  pages={1375--1384},
  year={2011},
}


@inproceedings{mendes2011dbpedia,
  title={{DB}pedia spotlight: shedding light on the web of documents},
  author={Mendes, Pablo N and Jakob, Max and Garc{\'\i}a-Silva, Andr{\'e}s and Bizer, Christian},
  booktitle={I-SEMANTICS},
  pages={1--8},
  year={2011},
  organization={ACM}
}

@inproceedings{kore50,
  title={KORE: keyphrase overlap relatedness for entity disambiguation},
  author={Hoffart, Johannes and Seufert, Stephan and Nguyen, Dat Ba and Theobald, Martin and Weikum, Gerhard},
  booktitle={CIKM},
  pages={545--554},
  year={2012},
}

@inproceedings{wes2015,
  title={Linked data enabled generalized vector space model to improve document retrieval},
  author={Waitelonis, J{\"o}rg and Exeler, Claudia and Sack, Harald},
  booktitle={NLP\&DBpedia},
  year={2015}
}

@inproceedings{moro2015semeval,
  title={{SemEval}-2015 {Task} 13: Multilingual All-Words Sense Disambiguation and Entity Linking.},
  author={Moro, Andrea and Navigli, Roberto},
  booktitle={SemEval},
  pages={288--297},
  year={2015}
}

@article{renden2016,
  title={REDEN: named entity linking in digital literary editions using linked data sets},
  author={Brando, Carmen and Frontini, Francesca and Ganascia, Jean-Gabriel},
  journal={CSIMQ},
  number={7},
  pages={60--80},
  year={2016}
}

@inproceedings{abstracts2016,
  title={DBpedia Abstracts: A Large-Scale, Open, Multilingual NLP Training Corpus.},
  author={Br{\"u}mmer, Martin and Dojchinovski, Milan and Hellmann, Sebastian},
  booktitle={LREC},
  year={2016}
}

@article{meantime2016,
  title={MEANTIME, the NewsReader multilingual event and time corpus},
  booktitle={LREC},
  author={Minard, A.L. and et al.},
  year={2016},
}

@inproceedings{calcs2018shtask,
    title={{Overview of the CALCS 2018 Shared Task: Named Entity Recognition on Code-switched Data}},
    author={Aguilar, Gustavo and AlGhamdi, Fahad and Soto, Victor and Diab, Mona and Hirschberg, Julia and Solorio, Thamar},
    publisher = {Association for Computational Linguistics},
    month={July},
    year={2018},
    address={Melbourne, Australia},
    booktitle = {Proceedings of the Third Workshop on Computational Approaches to Linguistic Code-Switching}
}




@inproceedings{GrishmanS96_MUC6,
  author    = {Ralph Grishman and
               Beth Sundheim},
  title     = {Message Understanding Conference- 6: {A} Brief History},
  booktitle = {{COLING}},
  pages     = {466--471},
  year      = {1996}
}

@article{GangemiPRNDM17,
  author    = {Aldo Gangemi and
               Valentina Presutti and
               Diego Reforgiato Recupero and
               Andrea Giovanni Nuzzolese and
               Francesco Draicchio and
               Misael Mongiov{\`{\i}}},
  title     = {Semantic Web Machine Reading with {FRED}},
  journal   = {Semantic Web},
  volume    = {8},
  number    = {6},
  pages     = {873--893},
  year      = {2017}
}

@inproceedings{FerraginaS10,
  author    = {Paolo Ferragina and
               Ugo Scaiella},
  title     = {{TAGME:} on-the-fly annotation of short text fragments (by wikipedia
               entities)},
  booktitle = {{CIKM}},
  pages     = {1625--1628},
  year      = {2010}
}


@inproceedings{MendesJGB11,
  author    = {Pablo N. Mendes and
               Max Jakob and
               Andr{\'{e}}s Garc{\'{\i}}a{-}Silva and
               Christian Bizer},
  title     = {DBpedia spotlight: shedding light on the web of documents},
  booktitle = {{I-SEMANTICS}},
  pages     = {1--8},
  year      = {2011}
}


@article{0001RN14,
  author    = {Andrea Moro and
               Alessandro Raganato and
               Roberto Navigli},
  title     = {Entity Linking meets Word Sense Disambiguation: a Unified Approach},
  journal   = {{TACL}},
  volume    = {2},
  pages     = {231--244},
  year      = {2014}
}

@inproceedings{JhaRN17,
  author    = {Kunal Jha and
               Michael R{\"{o}}der and
               Axel{-}Cyrille Ngonga Ngomo},
  title     = {All that Glitters Is Not Gold - Rule-Based Curation of Reference Datasets
               for Named Entity Recognition and Entity Linking},
  booktitle = {{ESWC}},
  pages     = {305--320},
  year      = {2017}
}


@article{LingSW15,
  author    = {Xiao Ling and
               Sameer Singh and
               Daniel S. Weld},
  title     = {Design Challenges for Entity Linking},
  journal   = {{TACL}},
  volume    = {3},
  pages     = {315--328},
  year      = {2015}
}


@inproceedings{HoffartSNTW12,
  author    = {Johannes Hoffart and
               Stephan Seufert and
               Dat Ba Nguyen and
               Martin Theobald and
               Gerhard Weikum},
  title     = {{KORE:} keyphrase overlap relatedness for entity disambiguation},
  booktitle = {{CIKM}},
  pages     = {545--554},
  year      = {2012}
}


@inproceedings{MoussallemURN18,
  author    = {Diego Moussallem and
               Ricardo Usbeck and
               Michael R{\"{o}}der and
               Axel{-}Cyrille Ngonga Ngomo},
  title     = {Entity Linking in 40 Languages Using {MAG}},
  booktitle = {{ESWC}},
  pages     = {176--181},
  year      = {2018}
}


@inproceedings{RatinovRDA11,
  author    = {Lev{-}Arie Ratinov and
               Dan Roth and
               Doug Downey and
               Mike Anderson},
  title     = {Local and Global Algorithms for Disambiguation to Wikipedia},
  booktitle = {{ACL}}},
  pages     = {1375--1384},
  year      = {2011}
}


@article{LehmannIJJKMHMK15,
  author    = {Jens Lehmann and
               Robert Isele and
               Max Jakob and
               Anja Jentzsch and
               Dimitris Kontokostas and
               Pablo N. Mendes and
               Sebastian Hellmann and
               Mohamed Morsey and
               Patrick van Kleef and
               S{\"{o}}ren Auer and
               Christian Bizer},
  title     = {DBpedia - {A} large-scale, multilingual knowledge base extracted from
               Wikipedia},
  journal   = {Semantic Web},
  volume    = {6},
  number    = {2},
  pages     = {167--195},
  year      = {2015}
}


@inproceedings{Plu0T16,
  author    = {Julien Plu and
               Giuseppe Rizzo and
               Rapha{\"{e}}l Troncy},
  title     = {Enhancing Entity Linking by Combining {NER} Models},
  booktitle = {{ESWC}},
  pages     = {17--32},
  year      = {2016}
}


@article{NguyenTW16,
  author    = {Dat Ba Nguyen and
               Martin Theobald and
               Gerhard Weikum},
  title     = {{J-NERD:} Joint Named Entity Recognition and Disambiguation with Rich Linguistic Features},
  journal   = {{TACL}},
  volume    = {4},
  pages     = {215--229},
  year      = {2016}
}



@inproceedings{WangLWC12,
  author    = {Longyue Wang and
               Shuo Li and
               Derek F. Wong and
               Lidia S. Chao},
  title     = {A Joint Chinese Named Entity Recognition and Disambiguation System},
  booktitle = {{CIPS-SIGHAN}},
  pages     = {146--151},
  year      = {2012}
}


@inproceedings{GuoXMBK12,
  author    = {Zhaochen Guo and
               Ying Xu and
               Filipe de S{\'{a}} Mesquita and
               Denilson Barbosa and
               Grzegorz Kondrak},
  title     = {ualberta at {TAC-KBP} 2012: English and Cross-Lingual Entity Linking},
  booktitle = {Proceedings of the Fifth Text Analysis Conference, {TAC} 2012, Gaithersburg,
               Maryland, USA, November 5-6, 2012},
  year      = {2012}
}


@article{VrandecicK14,
  author    = {Denny Vrandecic and
               Markus Kr{\"{o}}tzsch},
  title     = {Wikidata: a free collaborative knowledgebase},
  journal   = {Communications of the {ACM}},
  volume    = {57},
  number    = {10},
  pages     = {78--85},
  year      = {2014}
}

@inproceedings{SuchanekKW07,
  author    = {Fabian M. Suchanek and
               Gjergji Kasneci and
               Gerhard Weikum},
  title     = {Yago: a core of semantic knowledge},
  booktitle = {{WWW}},
  pages     = {697--706},
  year      = {2007}
}


@inproceedings{WangLT13,
  author    = {Zhichun Wang and
               Juanzi Li and
               Jie Tang},
  title     = {Boosting Cross-Lingual Knowledge Linking via Concept Annotation},
  booktitle = {{IJCAI}},
  pages     = {2733--2739},
  year      = {2013}
}


@inproceedings{FahrniG012,
  author    = {Angela Fahrni and
               Thierry G{\"{o}}ckel and
               Michael Strube},
  title     = {HITS' Monolingual and Cross-lingual Entity Linking System at {TAC}
               2012: {A} Joint Approach},
  booktitle = {{TAC}},
  year      = {2012}
}


@article{NavigliP12,
  author    = {Roberto Navigli and
               Simone Paolo Ponzetto},
  title     = {BabelNet: The automatic construction, evaluation and application of
               a wide-coverage multilingual semantic network},
  journal   = {Artificial Intelligence},
  volume    = {193},
  pages     = {217--250},
  year      = {2012}
}

@inproceedings{GrishmanS96,
  author    = {Ralph Grishman and
               Beth Sundheim},
  title     = {Message Understanding Conference- 6: {A} Brief History},
  booktitle = {{COLING}},
  pages     = {466--471},
  year      = {1996}
}


@inproceedings{MinardSUAESS16,
  author    = {Anne{-}Lyse Minard and
               Manuela Speranza and
               Ruben Urizar and
               Bego{\~{n}}a Altuna and
               Marieke van Erp and
               Anneleen Schoen and
               Chantal van Son},
  title     = {MEANTIME, the NewsReader Multilingual Event and Time Corpus},
  booktitle = {{LREC}},
  year      = {2016}
}


@article{EtzioniCDPSSWY05,
  author    = {Oren Etzioni and
               Michael J. Cafarella and
               Doug Downey and
               Ana{-}Maria Popescu and
               Tal Shaked and
               Stephen Soderland and
               Daniel S. Weld and
               Alexander Yates},
  title     = {Unsupervised named-entity extraction from the Web: An experimental
               study},
  journal   = {Artif. Intell.},
  volume    = {165},
  number    = {1},
  pages     = {91--134},
  year      = {2005}
}


@inproceedings{Fleischman01,
  author    = {Michael Fleischman},
  title     = {Automated Subcategorization of Named Entities},
  booktitle = {{ACL}},
  pages     = {25--30},
  year      = {2001}
}

@inproceedings{EckhardtHPS14,
  author    = {Alan Eckhardt and
               Juraj Hresko and
               Jan Proch{\'{a}}zka and
               Otakar Smrs},
  title     = {Entity linking based on the co-occurrence graph and entity probability},
  booktitle = {{ERD}},
  pages     = {37--44},
  year      = {2014}
}


@article{UrenCIHVMC06,
  author    = {Victoria S. Uren and
               Philipp Cimiano and
               Jos{\'{e}} Iria and
               Siegfried Handschuh and
               Maria Vargas{-}Vera and
               Enrico Motta and
               Fabio Ciravegna},
  title     = {Semantic annotation for knowledge management: Requirements and a survey
               of the state of the art},
  journal   = {Journal of Web Semantics},
  volume    = {4},
  number    = {1},
  pages     = {14--28},
  year      = {2006}
}


@inproceedings{HoffartYBFPSTTW11,
  author    = {Johannes Hoffart and
               Mohamed Amir Yosef and
               Ilaria Bordino and
               Hagen F{\"{u}}rstenau and
               Manfred Pinkal and
               Marc Spaniol and
               Bilyana Taneva and
               Stefan Thater and
               Gerhard Weikum},
  title     = {Robust Disambiguation of Named Entities in Text},
  booktitle = {{EMNLP}},
  pages     = {782--792},
  year      = {2011}
}


@inproceedings{DojchinovskiK13,
  author    = {Milan Dojchinovski and
               Tom{\'{a}}s Kliegr},
  title     = {Entityclassifier.eu: Real-Time Classification of Entities in Text with Wikipedia},
  booktitle = {{ECML}/{PKDD} },
  pages     = {654--658},
  year      = {2013}
}


@inproceedings{SasakiDN16,
  author    = {Felix Sasaki and
               Milan Dojchinovski and
               Jan Nehring},
  title     = {Chainable and Extendable Knowledge Integration Web Services},
  booktitle = {NLP\&DBpedia},
  pages     = {89--101},
  year      = {2016}
}

@inproceedings{TsaiR16,
  author    = {Chen{-}Tse Tsai and
               Dan Roth},
  title     = {Cross-lingual Wikification Using Multilingual Embeddings},
  booktitle = {{HLT}-{NAACL}},
  pages     = {589--598},
  year      = {2016}
}